<record><leader>00000cas a22000007a 4500</leader><controlfield tag="001">12075474</controlfield><controlfield tag="008">850524d19261943njuwr ne      0    0eng d</controlfield><datafield ind1=" " ind2=" " tag="010"><subfield code="a">sn 85035752 </subfield></datafield><datafield ind1=" " ind2=" " tag="040"><subfield code="a">NPA</subfield><subfield code="b">eng</subfield><subfield code="c">NPA</subfield><subfield code="d">OCLCQ</subfield><subfield code="d">UBY</subfield><subfield code="d">OCLCQ</subfield><subfield code="d">OCLCF</subfield><subfield code="d">OCLCO</subfield></datafield><datafield ind1=" " ind2=" " tag="042"><subfield code="a">msc</subfield></datafield><datafield ind1=" " ind2=" " tag="043"><subfield code="a">n-us-nj</subfield></datafield><datafield ind1="0" ind2=" " tag="130"><subfield code="a">New Jersey herald (Newton, N.J. : 1926)</subfield></datafield><datafield ind1="1" ind2="4" tag="245"><subfield code="a">The New Jersey herald.</subfield></datafield><datafield ind1="1" ind2="3" tag="246"><subfield code="a">New Jersey herald incorporated</subfield></datafield><datafield ind1=" " ind2=" " tag="260"><subfield code="a">Newton, N.J. :</subfield><subfield code="b">New Jersey Herald,</subfield><subfield code="c">-1943.</subfield></datafield><datafield ind1=" " ind2=" " tag="300"><subfield code="a">v. :</subfield><subfield code="b">ill.</subfield></datafield><datafield ind1=" " ind2=" " tag="310"><subfield code="a">Weekly</subfield></datafield><datafield ind1="0" ind2=" " tag="362"><subfield code="a">-115th yr., no. 8 (Aug. 19, 1943).</subfield></datafield><datafield ind1="1" ind2=" " tag="362"><subfield code="a">Began with Jan. 28, 1926 issue.</subfield><subfield code="z">Cf. Wright, W.C. and Stellhorn, P.A. Direct. of N.J. newspapers.</subfield></datafield><datafield ind1=" " ind2=" " tag="500"><subfield code="a">Published as: New Jersey herald incorporated, Feb. 18, 1926-Nov. 3, 1932. Cf. Wright, W.C. and Stellhorn, P.A. Direct. of N.J. newspapers.</subfield></datafield><datafield ind1=" " ind2=" " tag="530"><subfield code="a">Also issued on microfilm by the New York branch of Recordak Corp., a subsidiary of Eastman Kodak Co.</subfield></datafield><datafield ind1=" " ind2=" " tag="588"><subfield code="a">Description based on: 114th yr., no. 28 (Jan. 7, 1943).</subfield></datafield><datafield ind1=" " ind2="0" tag="651"><subfield code="a">Newton (N.J.)</subfield><subfield code="v">Newspapers.</subfield></datafield><datafield ind1=" " ind2="7" tag="655"><subfield code="a">Newspapers.</subfield><subfield code="2">fast</subfield><subfield code="0">(OCoLC)fst01423814</subfield></datafield><datafield ind1=" " ind2="7" tag="651"><subfield code="a">New Jersey</subfield><subfield code="z">Newton.</subfield><subfield code="2">fast</subfield><subfield code="0">(OCoLC)fst01232808</subfield></datafield><datafield ind1=" " ind2=" " tag="752"><subfield code="a">United States</subfield><subfield code="b">New Jersey</subfield><subfield code="c">Sussex</subfield><subfield code="d">Newton.</subfield></datafield><datafield ind1="0" ind2="0" tag="780"><subfield code="t">New Jersey herald, and Sussex County Democrat</subfield><subfield code="w">(DLC)sn 84026155</subfield></datafield><datafield ind1="0" ind2="7" tag="785"><subfield code="t">Sussex register</subfield><subfield code="w">(DLC)sn 84026640</subfield></datafield><datafield ind1="0" ind2="7" tag="785"><subfield code="t">New Jersey herald and Sussex register</subfield><subfield code="w">(DLC)sn 85035753</subfield></datafield></record>